<record><leader>00000cas a22000007a 4500</leader><controlfield tag="001">35105260</controlfield><controlfield tag="008">960718u19uuuuuutxuwr ne      0    0eng d</controlfield><datafield ind1=" " ind2=" " tag="010"><subfield code="a">sn 96092505 </subfield></datafield><datafield ind1=" " ind2=" " tag="040"><subfield code="a">PPM</subfield><subfield code="b">eng</subfield><subfield code="c">PPM</subfield><subfield code="d">OCLCQ</subfield></datafield><datafield ind1=" " ind2=" " tag="042"><subfield code="a">msc</subfield></datafield><datafield ind1="0" ind2=" " tag="130"><subfield code="a">Loud speaker (Ranger, Tex.)</subfield></datafield><datafield ind1="1" ind2="4" tag="245"><subfield code="a">The loud speaker.</subfield></datafield><datafield ind1=" " ind2=" " tag="260"><subfield code="a">Ranger, Eastland Co., Tex. :</subfield><subfield code="b">Prompt Print. Co.</subfield></datafield><datafield ind1=" " ind2=" " tag="300"><subfield code="a">v.</subfield></datafield><datafield ind1=" " ind2=" " tag="310"><subfield code="a">Weekly</subfield></datafield><datafield ind1=" " ind2=" " tag="588"><subfield code="a">Description based on : vol. 5, no. 30 (Feb. 2, 1934).</subfield></datafield><datafield ind1=" " ind2=" " tag="752"><subfield code="a">United States</subfield><subfield code="b">Texas</subfield><subfield code="c">Eastland</subfield><subfield code="d">Ranger.</subfield></datafield><datafield ind1="0" ind2=" " tag="775"><subfield code="t">Eastland County news</subfield><subfield code="w">(DLC)sn 86088400</subfield></datafield></record>